@book{dahl1972structured,
	editor = {Dahl, O. J. and Dijkstra, E. W. and Hoare, C. A. R.},
	title = {Structured Programming},
	year = {1972},
	isbn = {0-12-200550-3},
	source = {Library of Congress Catalog Card Number: 72-84452},
	publisher = {Academic Press Ltd.},
	address = {London, UK, UK},
}

@book{cormen2009algorithms,
	author = {Cormen, Thomas H. and Leiserson, Charles E. and Rivest, Ronald L. and Stein, Clifford},
	title = {Introduction to Algorithms, Third Edition},
	year = {2009},
	isbn = {978-0-262-53305-8},
	edition = {3rd},
	publisher = {The MIT Press},
}

@incollection{dijkstra1979goto,
	author = {Dijkstra, E.},
	chapter = {Go to Statement Considered Harmful},
	title = {Classics in Software Engineering},
	editor = {Yourdon, Edward Nash},
	year = {1979},
	isbn = {0-917072-14-6},
	pages = {27--33},
	numpages = {7},
	url = {http://dl.acm.org/citation.cfm?id=1241515.1241518},
	acmid = {1241518},
	publisher = {Yourdon Press},
	address = {Upper Saddle River, NJ, USA},
}

@article{krasner1988mvc,
	author = {Krasner, Glenn E. and Pope, Stephen T.},
	title = {A Cookbook for Using the Model-View-Controller User Interface Paradigm in Smalltalk-80},
	journal = {J. Object Oriented Program.},
	issue_date = {Aug./Sept. 1988},
	volume = {1},
	number = {3},
	month = aug,
	year = {1988},
	issn = {0896-8438},
	pages = {26--49},
	numpages = {24},
	url = {http://dl.acm.org/citation.cfm?id=50757.50759},
	acmid = {50759},
	publisher = {SIGS Publications},
	address = {Denville, NJ, USA},
} 

@article{tao2022explainable,
  title={Explainable ai for cheating detection and churn prediction in online games},
  author={Tao, Jianrong and Xiong, Yu and Zhao, Shiwei and Wu, Runze and Shen, Xudong and Lyu, Tangjie and Fan, Changjie and Hu, Zhipeng and Zhao, Sha and Pan, Gang},
  journal={IEEE Transactions on Games},
  volume={15},
  number={2},
  pages={242--251},
  year={2022},
  publisher={IEEE}
}

@article{jonnalagadda2021robust,
  title={Robust vision-based cheat detection in competitive gaming},
  author={Jonnalagadda, Aditya and Frosio, Iuri and Schneider, Seth and McGuire, Morgan and Kim, Joohwan},
  journal={Proceedings of the ACM on Computer Graphics and Interactive Techniques},
  volume={4},
  number={1},
  pages={1--18},
  year={2021},
  publisher={ACM New York, NY, USA}
}

@article{pinto2021deep,
  title={Deep learning and multivariate time series for cheat detection in video games},
  author={Pinto, Jos{\'e} Pedro and Pimenta, Andr{\'e} and Novais, Paulo},
  journal={Machine Learning},
  volume={110},
  number={11},
  pages={3037--3057},
  year={2021},
  publisher={Springer}
}

@ARTICLE{9766355,
  author={Han, Mee Lan and Kwak, Byung Il and Kim, Huy Kang},
  journal={IEEE Access}, 
  title={Cheating and Detection Method in Massively Multiplayer Online Role-Playing Game: Systematic Literature Review}, 
  year={2022},
  volume={10},
  number={},
  pages={49050-49063},
  keywords={Games;Servers;Real-time systems;Codes;Computer crime;Systematics;Anomaly detection;MMORPG;cheating;anomaly detection;countermeasure;detection method},
  doi={10.1109/ACCESS.2022.3172110}
}
